<?xml version="1.0" encoding="UTF-8"?><record xmlns="http://www.loc.gov/MARC21/slim" xmlns:cinclude="http://apache.org/cocoon/include/1.0" xmlns:zs="http://www.loc.gov/zing/srw/">
  <leader>00483nz  a2200133n  4500</leader>
  <controlfield tag="001">no2012053558</controlfield>
  <controlfield tag="003">DLC</controlfield>
  <controlfield tag="005">20120418075213.0</controlfield>
  <controlfield tag="008">120416n| acannaabn          |n aaa     c</controlfield>
  <datafield tag="010" ind1=" " ind2=" ">
    <subfield code="a">no2012053558</subfield>
  </datafield>
  <datafield tag="035" ind1=" " ind2=" ">
    <subfield code="a">(OCoLC)oca09172416</subfield>
  </datafield>
  <datafield tag="040" ind1=" " ind2=" ">
    <subfield code="a">PSt</subfield>
    <subfield code="b">eng</subfield>
    <subfield code="c">PSt</subfield>
  </datafield>
  <datafield tag="100" ind1="1" ind2=" ">
    <subfield code="a">Dadswell, Sarah</subfield>
  </datafield>
  <datafield tag="670" ind1=" " ind2=" ">
    <subfield code="a">British South Asian theatres, 2011:</subfield>
    <subfield code="b">t.p. (Sarah Dadswell, co-editor) p. i (cultural historian specializing in performance and Honorary Research Fellow in the Dept. of Drama, Univ. of Exeter)</subfield>
  </datafield>
</record>